<?xml version="1.0" encoding="UTF-8"?><collection xmlns="http://www.loc.gov/MARC21/slim"><record><leader>00419nam--2200145-i-4500</leader><controlfield tag="001">000010787</controlfield><controlfield tag="002">20161230</controlfield><controlfield tag="005">20161230201028</controlfield><controlfield tag="008">060222s1000------------r-----000-0-eng-d</controlfield><datafield ind1=" " ind2=" " tag="080"><subfield code="a">621.317:621.38.001.4</subfield></datafield><datafield ind1=" " ind2=" " tag="245"><subfield code="a">Electronic measurements and instrumentation</subfield></datafield><datafield ind1=" " ind2=" " tag="260"><subfield code="a">New York,Mc Graw-hill Company,1971. Xviii + 729p</subfield></datafield><datafield ind1=" " ind2=" " tag="490"><subfield code="a">Inter-university Electronics Series</subfield></datafield><datafield ind1=" " ind2=" " tag="700"><subfield code="a">Cage,John M./S.A.</subfield></datafield><datafield ind1=" " ind2=" " tag="852"><subfield code="a">25188</subfield></datafield></record></collection>